<record xmlns="http://www.loc.gov/MARC21/slim" xmlns:xsi="http://www.w3.org/2001/XMLSchema-instance" xsi:schemaLocation="http://www.loc.gov/MARC21/slim http://www.loc.gov/standards/marcxml/schema/MARC21slim.xsd"><leader>01253nam a2200277   4500</leader><controlfield tag="001">002814463</controlfield><controlfield tag="003">NNU</controlfield><controlfield tag="006">m        d        </controlfield><controlfield tag="007">cr cn |||m|||a</controlfield><controlfield tag="008">140707s1931    ua      o     000 0 arar</controlfield><datafield ind1=" " ind2=" " tag="040"><subfield code="a">NNU</subfield><subfield code="b">eng</subfield><subfield code="c">NNU</subfield></datafield><datafield ind1=" " ind2="0" tag="050"><subfield code="a">PJ7696.J5</subfield><subfield code="b">A6 1931</subfield></datafield><datafield ind1=" " ind2=" " tag="090"><subfield code="a">PJ7696.J5</subfield><subfield code="b">A6 1931</subfield></datafield><datafield ind1="1" ind2=" " tag="100"><subfield code="a">Jir&#257;n al-&#699;Awd al-Numayr&#299;, &#699;&#256;mir ibn al-&#7716;&#257;rith.</subfield></datafield><datafield ind1="1" ind2="0" tag="245"><subfield code="a">D&#299;w&#257;n Jir&#257;n al-&#699;Awd al-Numayr&#299;</subfield><subfield code="h">[electronic resource],</subfield><subfield code="c">riw&#257;yat Ab&#299; Sa&#699;&#299;d al-Sukkar&#299; .</subfield></datafield><datafield ind1=" " ind2=" " tag="250"><subfield code="a">al-&#7788;ab&#699;ah 1.</subfield></datafield><datafield ind1=" " ind2=" " tag="260"><subfield code="a">al-Q&#257;hirah :</subfield><subfield code="b">D&#257;r al-Kutub al-Mi&#7779;r&#299;yah,</subfield><subfield code="c">1931.</subfield></datafield><datafield ind1=" " ind2=" " tag="300"><subfield code="a">online resource (4, 60 p.)</subfield></datafield><datafield ind1=" " ind2=" " tag="500"><subfield code="a">Part of the Arabic Collections Online (ACO) project, contributed by New York Univeristy Libraries.</subfield></datafield><datafield ind1=" " ind2=" " tag="533"><subfield code="a">Electronic reproduction.</subfield><subfield code="b">New York, N.Y. :</subfield><subfield code="c">New York University,</subfield><subfield code="d">2014.</subfield><subfield code="5">NNU</subfield></datafield><datafield ind1="1" ind2=" " tag="700"><subfield code="a">Sukkar&#299;, Ab&#363; al-Sa&#699;&#299;d al-&#7716;asan ibn al-&#7716;usayn,</subfield><subfield code="d">827 or 8-888.</subfield></datafield><datafield ind1="2" ind2=" " tag="710"><subfield code="a">New York University.</subfield><subfield code="b">Libraries.</subfield></datafield><datafield ind1="0" ind2=" " tag="730"><subfield code="a">Arabic Collections Online.</subfield></datafield><datafield ind1="0" ind2="8" tag="776"><subfield code="i">Print version:</subfield><subfield code="a">Jir&#257;n al-&#699;Awd al-Numayr&#299;, &#699;&#256;mir ibn al-&#7716;&#257;rith.</subfield><subfield code="t">D&#299;w&#257;n Jir&#257;n al-&#699;Awd al-Numayr&#299;</subfield><subfield code="w">(NNU)002814463</subfield><subfield code="w">(DLC)71233957</subfield></datafield><datafield ind1="4" ind2="0" tag="856"><subfield code="u">http://hdl.handle.net/2333.1/12jm65p6</subfield></datafield><datafield ind1=" " ind2=" " tag="959"><subfield code="a">NNU</subfield><subfield code="b">WEB</subfield><subfield code="c">GENI</subfield><subfield code="t">0</subfield><subfield code="m">Electronic access</subfield><subfield code="s">01</subfield></datafield></record>